<record><leader>00000cas a22000007a 4500</leader><controlfield tag="001">24314396</controlfield><controlfield tag="008">910830d18881893ncuwr ne      0    0eng d</controlfield><datafield ind1=" " ind2=" " tag="010"><subfield code="a">sn 91068336 </subfield></datafield><datafield ind1=" " ind2=" " tag="040"><subfield code="a">NVJ</subfield><subfield code="b">eng</subfield><subfield code="c">NVJ</subfield><subfield code="d">OCLCQ</subfield></datafield><datafield ind1=" " ind2=" " tag="042"><subfield code="a">msc</subfield></datafield><datafield ind1="0" ind2=" " tag="130"><subfield code="a">Headlight (Goldsboro, N.C.)</subfield></datafield><datafield ind1="1" ind2="4" tag="245"><subfield code="a">The headlight.</subfield></datafield><datafield ind1=" " ind2=" " tag="260"><subfield code="a">Goldsboro, N.C. :</subfield><subfield code="b">W.P. Davis</subfield></datafield><datafield ind1=" " ind2=" " tag="300"><subfield code="a">v.</subfield></datafield><datafield ind1=" " ind2=" " tag="310"><subfield code="a">Weekly</subfield></datafield><datafield ind1="0" ind2=" " tag="362"><subfield code="a">Vol. 1, no. 24 (Feb. 17, 1888)-v. 6, no. 1 (Feb. 23, 1893).</subfield></datafield><datafield ind1=" " ind2=" " tag="515"><subfield code="a">Vol. numbering irregular.</subfield></datafield><datafield ind1=" " ind2=" " tag="550"><subfield code="a">"Official organ of Wayne County."</subfield></datafield><datafield ind1=" " ind2=" " tag="752"><subfield code="a">United States</subfield><subfield code="b">North Carolina</subfield><subfield code="c">Wayne</subfield><subfield code="d">Goldsboro.</subfield></datafield><datafield ind1="0" ind2="0" tag="780"><subfield code="t">Goldsboro headlight (Goldsboro, N.C. : 1887)</subfield><subfield code="w">(DLC)sn 91068335</subfield></datafield><datafield ind1="0" ind2="0" tag="785"><subfield code="t">Goldsboro headlight (Goldsboro, N.C. : 1893)</subfield><subfield code="w">(DLC)sn 91068337</subfield></datafield></record>